[
    {
        "date": "2023-03-31",
        "symbol": "TM",
        "period": "FY",
        "revenue": 37154298000000,
        "costofsales": 1741117000000,
        "sellinggeneralandadministrativeexpense": 631014000000,
        "operatingexpense": -9958659000000,
        "profitlossfromoperatingactivities": -104974000000,
        "shareofprofitlossofassociatesandjointventuresaccountedforusingequitymethod": 9739000000,
        "otherfinanceincome": 379350000000,
        "otherfinancecost": 125113000000,
        "gainslossesonexchangedifferencesontranslationrecognisedinprofitorloss": 124516000000,
        "othergainslosses": -5013000000,
        "profitlossbeforetax": 432503000000,
        "incometaxexpensecontinuingoperations": 134903000000,
        "profitloss": 297600000000,
        "profitlossattributabletoownersofparent": 2451318000000,
        "profitlossattributabletononcontrollinginterests": 41650000000,
        "basicearningslosspershare": 179.47,
        "dilutedearningslosspershare": 179.47,
        "netchangesinrevaluationoffinancialassetsmeasuredatfairvaluethroughothercomprehensiveincome": 99223000000,
        "othercomprehensiveincomenetoftaxgainslossesonremeasurementsofdefinedbenefitplans": 65153000000,
        "shareofothercomprehensiveincomeofassociatesandjointventuresaccountedforusingequitymethodthatwillnotbereclassifiedtoprofitorlossnetoftax": -77148000000,
        "othercomprehensiveincomethatwillnotbereclassifiedtoprofitorlossnetoftax": 87228000000,
        "othercomprehensiveincomenetoftaxexchangedifferencesontranslation": 676042000000,
        "othercomprehensiveincomenetoftaxfinancialassetsmeasuredatfairvaluethroughothercomprehensiveincome": -115738000000,
        "shareofothercomprehensiveincomeofassociatesandjointventuresaccountedforusingequitymethodthatwillbereclassifiedtoprofitorlossnetoftax": 180181000000,
        "othercomprehensiveincomethatwillbereclassifiedtoprofitorlossnetoftax": 740485000000,
        "othercomprehensiveincome": 827713000000,
        "comprehensiveincome": 69591000000,
        "comprehensiveincomeattributabletoownersofparent": 3251090000000,
        "comprehensiveincomeattributabletononcontrollinginterests": 69591000000
    },
    {
        "date": "2022-03-31",
        "symbol": "TM",
        "period": "FY",
        "revenue": 31379507000000,
        "costofsales": 1178509000000,
        "sellinggeneralandadministrativeexpense": 488517000000,
        "operatingexpense": -9037980000000,
        "profitlossfromoperatingactivities": -67024000000,
        "shareofprofitlossofassociatesandjointventuresaccountedforusingequitymethod": -7831000000,
        "otherfinanceincome": 334760000000,
        "otherfinancecost": 43997000000,
        "gainslossesonexchangedifferencesontranslationrecognisedinprofitorloss": 216187000000,
        "othergainslosses": 16000000,
        "profitlossbeforetax": 657017000000,
        "incometaxexpensecontinuingoperations": 171327000000,
        "profitloss": 485690000000,
        "profitlossattributabletoownersofparent": 2850110000000,
        "profitlossattributabletononcontrollinginterests": 24504000000,
        "basicearningslosspershare": 205.23,
        "dilutedearningslosspershare": 205.23,
        "netchangesinrevaluationoffinancialassetsmeasuredatfairvaluethroughothercomprehensiveincome": -49242000000,
        "othercomprehensiveincomenetoftaxgainslossesonremeasurementsofdefinedbenefitplans": 136250000000,
        "shareofothercomprehensiveincomeofassociatesandjointventuresaccountedforusingequitymethodthatwillnotbereclassifiedtoprofitorlossnetoftax": 113641000000,
        "othercomprehensiveincomethatwillnotbereclassifiedtoprofitorlossnetoftax": 200648000000,
        "othercomprehensiveincomenetoftaxexchangedifferencesontranslation": 902844000000,
        "othercomprehensiveincomenetoftaxfinancialassetsmeasuredatfairvaluethroughothercomprehensiveincome": -154174000000,
        "shareofothercomprehensiveincomeofassociatesandjointventuresaccountedforusingequitymethodthatwillbereclassifiedtoprofitorlossnetoftax": 193811000000,
        "othercomprehensiveincomethatwillbereclassifiedtoprofitorlossnetoftax": 942480000000,
        "othercomprehensiveincome": 1143129000000,
        "comprehensiveincome": 63392000000,
        "comprehensiveincomeattributabletoownersofparent": 3954350000000,
        "comprehensiveincomeattributabletononcontrollinginterests": 63392000000
    },
    {
        "date": "2021-03-31",
        "symbol": "TM",
        "period": "FY",
        "revenue": 25103190000000,
        "costofsales": 1202277000000,
        "sellinggeneralandadministrativeexpense": 464368000000,
        "operatingexpense": -7322232000000,
        "profitlossfromoperatingactivities": 1697070000000,
        "shareofprofitlossofassociatesandjointventuresaccountedforusingequitymethod": -345374000000,
        "otherfinanceincome": 435229000000,
        "otherfinancecost": 47537000000,
        "gainslossesonexchangedifferencesontranslationrecognisedinprofitorloss": 15142000000,
        "othergainslosses": -3090000000,
        "profitlossbeforetax": 492503000000,
        "incometaxexpensecontinuingoperations": 121536000000,
        "profitloss": 2282378000000,
        "profitlossattributabletoownersofparent": 369824000000,
        "profitlossattributabletononcontrollinginterests": 1143000000,
        "basicearningslosspershare": 160.65,
        "dilutedearningslosspershare": 158.93,
        "netchangesinrevaluationoffinancialassetsmeasuredatfairvaluethroughothercomprehensiveincome": 387427000000,
        "othercomprehensiveincomenetoftaxgainslossesonremeasurementsofdefinedbenefitplans": 216272000000,
        "shareofothercomprehensiveincomeofassociatesandjointventuresaccountedforusingequitymethodthatwillnotbereclassifiedtoprofitorlossnetoftax": 80472000000,
        "othercomprehensiveincomethatwillnotbereclassifiedtoprofitorlossnetoftax": 684172000000,
        "othercomprehensiveincomenetoftaxexchangedifferencesontranslation": 403636000000,
        "othercomprehensiveincomenetoftaxfinancialassetsmeasuredatfairvaluethroughothercomprehensiveincome": -83503000000,
        "shareofothercomprehensiveincomeofassociatesandjointventuresaccountedforusingequitymethodthatwillbereclassifiedtoprofitorlossnetoftax": 8172000000,
        "othercomprehensiveincomethatwillbereclassifiedtoprofitorlossnetoftax": 328305000000,
        "othercomprehensiveincome": 1012476000000,
        "comprehensiveincome": 77048000000,
        "comprehensiveincomeattributabletoownersofparent": 3217806000000,
        "comprehensiveincomeattributabletononcontrollinginterests": 77048000000
    },
    {
        "date": "2020-03-31",
        "symbol": "TM",
        "period": "FY",
        "revenuefromcontractwithcustomerincludingassessedtax": 27759749000000,
        "costofgoodsandservicessold": 23142744000000,
        "sellinggeneralandadministrativeexpense": 2964759000000,
        "costsandexpenses": 27487123000000,
        "operatingincomeloss": 2442869000000,
        "investmentincomeinterestanddividend": 232870000000,
        "interestexpense": 32217000000,
        "foreigncurrencytransactiongainlossbeforetax": -79020000000,
        "unrealizedgainlossonequitysecurities": -24600000000,
        "othernonoperatingincomeexpense": 14705000000,
        "nonoperatingincomeexpense": 111738000000,
        "incomelossfromcontinuingoperationsbeforeincometaxesminorityinterestandincomelossfromequitymethodinvestments": 2554607000000,
        "incometaxexpensebenefit": 683430000000,
        "incomelossfromequitymethodinvestments": 271152000000,
        "profitloss": 2142329000000,
        "netincomelossattributabletononcontrollinginterest": 66146000000,
        "netincomeloss": 2076183000000,
        "earningspersharebasic": 735.61,
        "earningspersharediluted": 729.5,
        "netincomelossavailabletocommonstockholdersbasic": 2058899000000,
        "temporaryequitydividendsandaccretiontoredemptionvalueadjustment": 17284000000,
        "othercomprehensiveincomelossforeigncurrencytransactionandtranslationadjustmentnetoftax": -333854000000,
        "othercomprehensiveincomelossavailableforsalesecuritiesadjustmentnetoftax": 118363000000,
        "othercomprehensiveincomelosspensionandotherpostretirementbenefitplansadjustmentnetoftax": 60196000000,
        "othercomprehensiveincomelossnetoftax": -275687000000,
        "comprehensiveincomenetoftaxincludingportionattributabletononcontrollinginterest": 1866642000000,
        "comprehensiveincomenetoftaxattributabletononcontrollinginterest": 45878000000,
        "comprehensiveincomenetoftax": 1820764000000
    },
    {
        "date": "2019-03-31",
        "symbol": "TM",
        "period": "FY",
        "revenuefromcontractwithcustomerincludingassessedtax": 2153547000000,
        "costofgoodsandservicessold": 23389495000000,
        "sellinggeneralandadministrativeexpense": 412090000000,
        "costsandexpenses": 1830726000000,
        "operatingincomeloss": 322821000000,
        "investmentincomeinterestanddividend": 225495000000,
        "interestexpense": 28078000000,
        "foreigncurrencytransactiongainlossbeforetax": 22374000000,
        "unrealizedgainlossonequitysecurities": -341054000000,
        "othernonoperatingincomeexpense": -1377000000,
        "nonoperatingincomeexpense": -17658000000,
        "incomelossfromcontinuingoperationsbeforeincometaxesminorityinterestandincomelossfromequitymethodinvestments": 305163000000,
        "incometaxexpensebenefit": 79903000000,
        "incomelossfromequitymethodinvestments": 2539000000,
        "profitloss": 227799000000,
        "netincomelossattributabletononcontrollinginterest": 5214000000,
        "netincomeloss": 222585000000,
        "earningspersharebasic": 650.55,
        "earningspersharediluted": 645.11,
        "netincomelossavailabletocommonstockholdersbasic": 1868085000000,
        "temporaryequitydividendsandaccretiontoredemptionvalueadjustment": 14788000000,
        "othercomprehensiveincomelossforeigncurrencytransactionandtranslationadjustmentnetoftax": -2432000000,
        "othercomprehensiveincomelossavailableforsalesecuritiesadjustmentnetoftax": -54000000,
        "othercomprehensiveincomelosspensionandotherpostretirementbenefitplansadjustmentnetoftax": 3770000000,
        "othercomprehensiveincomelossnetoftax": 27016000000,
        "comprehensiveincomenetoftaxincludingportionattributabletononcontrollinginterest": 96458000000,
        "comprehensiveincomenetoftaxattributabletononcontrollinginterest": 96458000000,
        "comprehensiveincomenetoftax": 1840144000000
    },
    {
        "date": "2018-03-31",
        "symbol": "TM",
        "period": "FY",
        "salesrevenuenet": 27420276000000,
        "financialservicesrevenue": 4567000000,
        "revenues": 4186666000000,
        "costofgoodsandservicessold": 22600474000000,
        "financialservicescosts": 1288679000000,
        "sellinggeneralandadministrativeexpense": 411114000000,
        "costsandexpenses": 1731462000000,
        "operatingincomeloss": 285546000000,
        "investmentincomeinterestanddividend": 179541000000,
        "interestexpense": 27586000000,
        "foreigncurrencytransactiongainlossbeforetax": 25247000000,
        "othernonoperatingincomeexpense": 1993000000,
        "nonoperatingincomeexpense": -794000000,
        "incomelossfromcontinuingoperationsbeforeincometaxesminorityinterestandincomelossfromequitymethodinvestments": 284752000000,
        "incometaxexpensebenefit": -234356000000,
        "incomelossfromequitymethodinvestments": 2365000000,
        "profitloss": 521473000000,
        "netincomelossattributabletononcontrollinginterest": 2589000000,
        "netincomeloss": 518884000000,
        "earningspersharebasic": 842,
        "earningspersharediluted": 832.78,
        "commonstockdividendspersharedeclared": 220,
        "netincomelossavailabletocommonstockholdersbasic": 2481692000000,
        "temporaryequitydividendsandaccretiontoredemptionvalueadjustment": 12291000000,
        "othercomprehensiveincomelossforeigncurrencytransactionandtranslationadjustmentnetoftax": -118977000000,
        "othercomprehensiveincomelossavailableforsalesecuritiesadjustmentnetoftax": -96581000000,
        "othercomprehensiveincomelosspensionandotherpostretirementbenefitplansadjustmentnetoftax": -21735000000,
        "othercomprehensiveincomelossnetoftax": -120606000000,
        "comprehensiveincomenetoftaxincludingportionattributabletononcontrollinginterest": 93096000000,
        "comprehensiveincomenetoftaxattributabletononcontrollinginterest": 93096000000,
        "comprehensiveincomenetoftax": 2300160000000
    },
    {
        "date": "2017-03-31",
        "symbol": "TM",
        "period": "FY",
        "salesrevenuenet": 130046000000,
        "financialservicesrevenue": 24553000000,
        "revenues": 3923621000000,
        "costofgoodsandservicessold": 21543035000000,
        "financialservicescosts": 1191301000000,
        "sellinggeneralandadministrativeexpense": 2511647000000,
        "costsandexpenses": 24068841000000,
        "operatingincomeloss": 1776612000000,
        "investmentincomeinterestanddividend": 158983000000,
        "interestexpense": 29353000000,
        "foreigncurrencytransactiongainlossbeforetax": 3572000000,
        "othernonoperatingincomeexpense": 31685000000,
        "nonoperatingincomeexpense": 200370000000,
        "incomelossfromcontinuingoperationsbeforeincometaxesminorityinterestandincomelossfromequitymethodinvestments": 1976982000000,
        "incometaxexpensebenefit": 562452000000,
        "incomelossfromequitymethodinvestments": 360130000000,
        "profitloss": 1774660000000,
        "netincomelossattributabletononcontrollinginterest": 89337000000,
        "netincomeloss": 1685323000000,
        "earningspersharebasic": 605.47,
        "earningspersharediluted": 599.22,
        "commonstockdividendspersharedeclared": 210,
        "netincomelossavailabletocommonstockholdersbasic": 1821314000000,
        "temporaryequitydividendsandaccretiontoredemptionvalueadjustment": 9795000000,
        "othercomprehensiveincomelossforeigncurrencytransactionandtranslationadjustmentnetoftax": -52427000000,
        "othercomprehensiveincomelossavailableforsalesecuritiesadjustmentnetoftax": -8002000000,
        "othercomprehensiveincomelosspensionandotherpostretirementbenefitplansadjustmentnetoftax": -92809000000,
        "othercomprehensiveincomelossnetoftax": -57926000000,
        "comprehensiveincomenetoftaxincludingportionattributabletononcontrollinginterest": 103161000000,
        "comprehensiveincomenetoftaxattributabletononcontrollinginterest": 103161000000,
        "comprehensiveincomenetoftax": 1863489000000
    },
    {
        "date": "2016-03-31",
        "symbol": "TM",
        "period": "FY",
        "salesrevenuenet": 26549111000000,
        "financialservicesrevenue": 779000000,
        "revenues": -7283744000000,
        "costofgoodsandservicessold": 21456086000000,
        "financialservicescosts": 1149379000000,
        "sellinggeneralandadministrativeexpense": 375561000000,
        "costsandexpenses": -7300860000000,
        "operatingincomeloss": 17116000000,
        "investmentincomeinterestanddividend": 157862000000,
        "interestexpense": 35403000000,
        "foreigncurrencytransactiongainlossbeforetax": 27275000000,
        "othernonoperatingincomeexpense": 6185000000,
        "nonoperatingincomeexpense": 8579000000,
        "incomelossfromcontinuingoperationsbeforeincometaxesminorityinterestandincomelossfromequitymethodinvestments": 34239000000,
        "incometaxexpensebenefit": 9832000000,
        "incomelossfromequitymethodinvestments": -3896000000,
        "profitloss": 20511000000,
        "netincomelossattributabletononcontrollinginterest": 3963000000,
        "netincomeloss": 300000000,
        "earningspersharebasic": 741.36,
        "earningspersharediluted": 735.36,
        "commonstockdividendspersharedeclared": 210,
        "netincomelossavailabletocommonstockholdersbasic": 2306607000000,
        "temporaryequitydividendsandaccretiontoredemptionvalueadjustment": 6087000000,
        "othercomprehensiveincomelossforeigncurrencytransactionandtranslationadjustmentnetoftax": -362965000000,
        "othercomprehensiveincomelossavailableforsalesecuritiesadjustmentnetoftax": -302620000000,
        "othercomprehensiveincomelosspensionandotherpostretirementbenefitplansadjustmentnetoftax": 201192000000,
        "othercomprehensiveincomelossnetoftax": -395352000000,
        "comprehensiveincomenetoftaxincludingportionattributabletononcontrollinginterest": 1445917000000,
        "comprehensiveincomenetoftaxattributabletononcontrollinginterest": 71569000000,
        "comprehensiveincomenetoftax": 1445917000000
    },
    {
        "date": "2015-03-31",
        "symbol": "TM",
        "period": "FY",
        "salesrevenuenet": 25612836000000,
        "financialservicesrevenue": -7727000000,
        "revenues": 25643508000000,
        "costofgoodsandservicessold": 20916362000000,
        "financialservicescosts": 925314000000,
        "sellinggeneralandadministrativeexpense": 2319262000000,
        "costsandexpenses": 23252430000000,
        "operatingincomeloss": 2391078000000,
        "investmentincomeinterestanddividend": 147122000000,
        "interestexpense": 22871000000,
        "foreigncurrencytransactiongainlossbeforetax": -14552000000,
        "othernonoperatingincomeexpense": -7446000000,
        "nonoperatingincomeexpense": 136797000000,
        "incomelossfromcontinuingoperationsbeforeincometaxesminorityinterestandincomelossfromequitymethodinvestments": 5848000000,
        "incometaxexpensebenefit": 2153000000,
        "incomelossfromequitymethodinvestments": -2000000,
        "profitloss": 3695000000,
        "netincomelossattributabletononcontrollinginterest": 130172000000,
        "netincomeloss": 1941007000000,
        "earningspersharebasic": 688.02,
        "earningspersharediluted": 687.66,
        "commonstockdividendspersharedeclared": 200,
        "othercomprehensiveincomeforeigncurrencytranslationadjustmentnetoftaxperiodincreasedecrease": 380448000000,
        "othercomprehensiveincomelossavailableforsalesecuritiesadjustmentnetoftax": 567002000000,
        "othercomprehensiveincomelosspensionandotherpostretirementbenefitplansadjustmentnetoftax": -1934000000,
        "othercomprehensiveincomelossnetoftax": 4316000000,
        "comprehensiveincomenetoftaxincludingportionattributabletononcontrollinginterest": 3122722000000,
        "comprehensiveincomenetoftaxattributabletononcontrollinginterest": 171553000000,
        "comprehensiveincomenetoftax": 3122722000000
    },
    {
        "date": "2014-03-31",
        "symbol": "TM",
        "period": "FY",
        "salesrevenuenet": 24312644000000,
        "financialservicesrevenue": 29000000,
        "revenues": 2336641000000,
        "costofgoodsandservicessold": 19988245000000,
        "financialservicescosts": 812894000000,
        "sellinggeneralandadministrativeexpense": 285251000000,
        "costsandexpenses": 2294073000000,
        "operatingincomeloss": 42568000000,
        "investmentincomeinterestanddividend": 115410000000,
        "interestexpense": 19630000000,
        "foreigncurrencytransactiongainlossbeforetax": -5079000000,
        "othernonoperatingincomeexpense": 18469000000,
        "nonoperatingincomeexpense": 1451000000,
        "incomelossfromcontinuingoperationsbeforeincometaxesminorityinterestandincomelossfromequitymethodinvestments": 13419000000,
        "incometaxexpensebenefit": -5209000000,
        "incomelossfromequitymethodinvestments": -204000000,
        "profitloss": 1823119000000,
        "netincomelossattributabletononcontrollinginterest": 3819000000,
        "netincomeloss": 195698000000,
        "earningspersharebasic": 575.3,
        "earningspersharediluted": 574.92,
        "commonstockdividendspersharedeclared": 165,
        "othercomprehensiveincomeforeigncurrencytranslationadjustmentnetoftaxperiodincreasedecrease": 296942000000,
        "othercomprehensiveincomelossavailableforsalesecuritiesadjustmentnetoftax": 493750000000,
        "othercomprehensiveincomelosspensionandotherpostretirementbenefitplansadjustmentnetoftax": -93592000000,
        "othercomprehensiveincomelossnetoftax": 499560000000,
        "comprehensiveincomenetoftaxincludingportionattributabletononcontrollinginterest": 2707403000000,
        "comprehensiveincomenetoftaxattributabletononcontrollinginterest": 185098000000,
        "comprehensiveincomenetoftax": 2707403000000
    },
    {
        "date": "2013-03-31",
        "symbol": "TM",
        "period": "FY",
        "salesrevenuenet": 20914150000000,
        "financialservicesrevenue": 1150042000000,
        "revenues": 2094265000000,
        "costofgoodsandservicessold": 18010569000000,
        "financialservicescosts": 630426000000,
        "sellinggeneralandadministrativeexpense": 1899997000000,
        "costsandexpenses": 1960521000000,
        "operatingincomeloss": 133744000000,
        "investmentincomeinterestanddividend": 98673000000,
        "interestexpense": 22967000000,
        "foreigncurrencytransactiongainlossbeforetax": 5551000000,
        "othernonoperatingincomeexpense": 1504000000,
        "nonoperatingincomeexpense": 79837000000,
        "incomelossfromcontinuingoperationsbeforeincometaxesminorityinterestandincomelossfromequitymethodinvestments": 1089218000000,
        "incometaxexpensebenefit": 436223000000,
        "incomelossfromequitymethodinvestments": 230078000000,
        "profitloss": 962163000000,
        "netincomelossattributabletononcontrollinginterest": 119359000000,
        "netincomeloss": 763714000000,
        "earningspersharebasic": 303.82,
        "earningspersharediluted": 303.78,
        "commonstockdividendspersharedeclared": 90,
        "othercomprehensiveincomeforeigncurrencytranslationadjustmentnetoftaxperiodincreasedecrease": 434638000000,
        "othercomprehensiveincomelossavailableforsalesecuritiesadjustmentnetoftax": 368507000000,
        "othercomprehensiveincomelosspensionandotherpostretirementbenefitplansadjustmentnetoftax": -19565000000,
        "othercomprehensiveincomelossnetoftax": 850674000000,
        "comprehensiveincomenetoftaxincludingportionattributabletononcontrollinginterest": 1784873000000,
        "comprehensiveincomenetoftaxattributabletononcontrollinginterest": 149283000000,
        "comprehensiveincomenetoftax": 1784873000000
    },
    {
        "date": "2012-03-31",
        "symbol": "TM",
        "period": "FY",
        "salesrevenuenet": 17511916000000,
        "financialservicesrevenue": 1071737000000,
        "revenues": 1760175000000,
        "costofgoodsandservicessold": 15795918000000,
        "financialservicescosts": 592646000000,
        "sellinggeneralandadministrativeexpense": 1676999000000,
        "costsandexpenses": 1651361000000,
        "operatingincomeloss": 108814000000,
        "investmentincomeinterestanddividend": 99865000000,
        "interestexpense": 22922000000,
        "foreigncurrencytransactiongainlossbeforetax": 37105000000,
        "othernonoperatingincomeexpense": -36802000000,
        "nonoperatingincomeexpense": 69935000000,
        "incomelossfromcontinuingoperationsbeforeincometaxesminorityinterestandincomelossfromequitymethodinvestments": 131173000000,
        "incometaxexpensebenefit": 141558000000,
        "incomelossfromequitymethodinvestments": 196544000000,
        "profitloss": 84743000000,
        "netincomelossattributabletononcontrollinginterest": 82181000000,
        "netincomeloss": 103978000000,
        "earningspersharebasic": 90.21,
        "earningspersharediluted": 90.2,
        "commonstockdividendspersharedeclared": 50
    }
]