[
    {
        "date": "2022-12-30",
        "symbol": "TSLA",
        "period": "FY",
        "automotivesalesrevenue": 67210000000,
        "automotiveregulatorycredits": 1776000000,
        "automotiveleasing": 2476000000,
        "automotiverevenues": 71462000000,
        "revenuefromcontractwithcustomerexcludingassessedtax": 407000000,
        "revenues": 22764000000,
        "automotivesales": 49599000000,
        "directcostsofleasedandrentedpropertyorequipment": 1509000000,
        "automotivecostofrevenues": 51108000000,
        "costofgoodsandservicessold": 5880000000,
        "costofrevenue": 60609000000,
        "grossprofit": 288000000,
        "researchanddevelopmentexpense": 3075000000,
        "sellinggeneralandadministrativeexpense": 3946000000,
        "restructuringandotherexpenses": 176000000,
        "operatingexpenses": 7197000000,
        "operatingincomeloss": 13656000000,
        "investmentincomeinterest": 297000000,
        "interestexpense": 191000000,
        "othernonoperatingincomeexpense": -43000000,
        "incomelossfromcontinuingoperationsbeforeincometaxesextraordinaryitemsnoncontrollinginterest": 13719000000,
        "incometaxexpensebenefit": 1132000000,
        "profitloss": 12587000000,
        "netincomelossattributabletononcontrollinginterest": 31000000,
        "netincomeloss": 12556000000,
        "earningspersharebasic": 4.02,
        "earningspersharediluted": 3.62,
        "weightedaveragenumberofsharesoutstandingbasic": 3130000000,
        "weightedaveragenumberofdilutedsharesoutstanding": 3475000000,
        "stockholdersequitynotestocksplit": "three-for-one stock split effected in the form of a stock dividend in August 2022",
        "stockholdersequitynotestocksplitconversionratio1": 3,
        "othercomprehensiveincomelossforeigncurrencytransactionandtranslationadjustmentnetoftax": -392000000,
        "unrealizedgainlossoninvestments": -23000000,
        "comprehensiveincomenetoftaxincludingportionattributabletononcontrollinginterest": 12172000000,
        "comprehensiveincomenetoftaxattributabletononcontrollinginterest": 31000000,
        "comprehensiveincomenetoftax": 12141000000
    },
    {
        "date": "2021-12-30",
        "symbol": "TSLA",
        "period": "FY",
        "revenuefromcontractwithcustomerexcludingassessedtax": 392000000,
        "revenues": 16006000000,
        "costofgoodsandservicessold": 3906000000,
        "directcostsofleasedandrentedpropertyorequipment": 978000000,
        "costofrevenue": 40217000000,
        "grossprofit": -129000000,
        "researchanddevelopmentexpense": 2593000000,
        "sellinggeneralandadministrativeexpense": 4517000000,
        "restructuringandotherexpenses": -27000000,
        "operatingexpenses": 7083000000,
        "operatingincomeloss": 6523000000,
        "investmentincomeinterest": 56000000,
        "interestexpense": 371000000,
        "othernonoperatingincomeexpense": 135000000,
        "incomelossfromcontinuingoperationsbeforeincometaxesextraordinaryitemsnoncontrollinginterest": 6343000000,
        "incometaxexpensebenefit": 699000000,
        "profitloss": 5644000000,
        "netincomelossattributabletononcontrollinginterest": 125000000,
        "netincomeloss": 5519000000,
        "buyoutofnoncontrollinginterest": -5000000,
        "netincomelossavailabletocommonstockholdersbasic": 5524000000,
        "earningspersharebasic": 5.6,
        "earningspersharediluted": 0.01,
        "weightedaveragenumberofsharesoutstandingbasic": 986000000,
        "weightedaveragenumberofdilutedsharesoutstanding": 1129000000,
        "othercomprehensiveincomelossforeigncurrencytransactionandtranslationadjustmentnetoftax": -308000000,
        "marketablesecuritiesunrealizedgainloss": -1000000,
        "comprehensiveincomenetoftaxincludingportionattributabletononcontrollinginterest": 5335000000,
        "comprehensiveincomenetoftaxattributabletononcontrollinginterest": 125000000,
        "comprehensiveincomenetoftax": 5210000000
    },
    {
        "date": "2020-12-30",
        "symbol": "TSLA",
        "period": "FY",
        "revenuefromcontractwithcustomerexcludingassessedtax": 1580000000,
        "operatingleasesincomestatementleaserevenue": 77000000,
        "salesrevenueautomotive": 27236000000,
        "salesrevenueservicesandothernet": 2306000000,
        "revenues": 9667000000,
        "costofgoodsandservicessold": 350000000,
        "costofautomotiveleasing": 563000000,
        "costofrevenuesautomotive": 20259000000,
        "costofservicesandother": 2671000000,
        "costofrevenue": 24906000000,
        "grossprofit": 18000000,
        "researchanddevelopmentexpense": 1491000000,
        "sellinggeneralandadministrativeexpense": 3145000000,
        "operatingexpenses": 4636000000,
        "operatingincomeloss": 1994000000,
        "investmentincomeinterest": 30000000,
        "interestexpense": 748000000,
        "othernonoperatingincomeexpense": -122000000,
        "incomelossfromcontinuingoperationsbeforeincometaxesextraordinaryitemsnoncontrollinginterest": 1154000000,
        "incometaxexpensebenefit": 292000000,
        "profitloss": 862000000,
        "netincomelossattributabletononcontrollinginterest": 141000000,
        "netincomeloss": 721000000,
        "buyoutofnoncontrollinginterest": 31000000,
        "netincomelossavailabletocommonstockholdersbasic": 690000000,
        "earningspersharebasic": 0.74,
        "earningspersharediluted": 0.64,
        "weightedaveragenumberofsharesoutstandingbasic": 933000000,
        "weightedaveragenumberofdilutedsharesoutstanding": 1083000000,
        "stockholdersequitynotestocksplit": "five-for-one stock split effected in the form of a stock dividend in August 2020",
        "stockholdersequitynotestocksplitconversionratio1": 5,
        "othercomprehensiveincomelossforeigncurrencytransactionandtranslationadjustmentnetoftax": 399000000,
        "comprehensiveincomenetoftaxincludingportionattributabletononcontrollinginterest": 1261000000,
        "comprehensiveincomenetoftaxattributabletononcontrollinginterest": 141000000,
        "comprehensiveincomenetoftax": 1120000000
    },
    {
        "date": "2019-12-30",
        "symbol": "TSLA",
        "period": "FY",
        "revenuefromcontractwithcustomerexcludingassessedtax": 23178000000,
        "operatingleasesincomestatementleaserevenue": 531000000,
        "salesrevenueautomotive": 20821000000,
        "salesrevenueservicesandothernet": 2226000000,
        "revenues": 6155000000,
        "costofgoodsandservicessold": 350000000,
        "costofautomotiveleasing": 459000000,
        "costofrevenuesautomotive": 16398000000,
        "costofservicesandother": 2770000000,
        "costofrevenue": 20509000000,
        "grossprofit": 190000000,
        "researchanddevelopmentexpense": 1343000000,
        "sellinggeneralandadministrativeexpense": 2646000000,
        "restructuringandotherexpenses": 149000000,
        "operatingexpenses": 4138000000,
        "operatingincomeloss": -69000000,
        "investmentincomeinterest": 44000000,
        "interestexpense": 685000000,
        "othernonoperatingincomeexpense": 45000000,
        "incomelossfromcontinuingoperationsbeforeincometaxesextraordinaryitemsnoncontrollinginterest": -665000000,
        "incometaxexpensebenefit": 110000000,
        "profitloss": -775000000,
        "netincomelossattributabletononcontrollinginterest": 87000000,
        "netincomeloss": -862000000,
        "earningspersharebasic": -4.92,
        "earningspersharediluted": -4.92,
        "weightedaveragenumberofsharesoutstandingbasic": 177000000,
        "weightedaveragenumberofdilutedsharesoutstanding": 177000000,
        "othercomprehensiveincomelossforeigncurrencytransactionandtranslationadjustmentnetoftax": -28000000,
        "comprehensiveincomenetoftaxincludingportionattributabletononcontrollinginterest": -803000000,
        "comprehensiveincomenetoftaxattributabletononcontrollinginterest": 87000000,
        "comprehensiveincomenetoftax": -890000000
    },
    {
        "date": "2018-12-30",
        "symbol": "TSLA",
        "period": "FY",
        "revenuefromcontractwithcustomerexcludingassessedtax": 21461268000,
        "operatingleasesincomestatementleaserevenue": 332400000,
        "salesrevenueautomotive": 18514983000,
        "salesrevenueservicesandothernet": 1391041000,
        "revenues": 3054288000,
        "costofgoodsandservicessold": 350000000,
        "costofautomotiveleasing": -624403000,
        "costofrevenuesautomotive": 14173997000,
        "costofservicesandother": 1880354000,
        "costofrevenue": 17419247000,
        "grossprofit": 190348000,
        "researchanddevelopmentexpense": 1460370000,
        "sellinggeneralandadministrativeexpense": 2834491000,
        "restructuringandotherexpenses": 135233000,
        "operatingexpenses": 4430094000,
        "operatingincomeloss": -388073000,
        "investmentincomeinterest": 24533000,
        "interestexpense": 663071000,
        "othernonoperatingincomeexpense": 21866000,
        "incomelossfromcontinuingoperationsbeforeincometaxesextraordinaryitemsnoncontrollinginterest": -1004745000,
        "incometaxexpensebenefit": -1495000,
        "profitloss": 241308000,
        "netincomelossattributabletononcontrollinginterest": 18478000,
        "netincomeloss": 222830000,
        "earningspersharebasic": -5.72,
        "earningspersharediluted": -5.72,
        "weightedaveragenumberofsharesoutstandingbasic": 170525000,
        "weightedaveragenumberofdilutedsharesoutstanding": 170525000,
        "othercomprehensiveincomelossforeigncurrencytransactionandtranslationadjustmentnetoftax": -29753000,
        "othercomprehensiveincomelossnetoftaxportionattributabletoparent": -41566000,
        "comprehensiveincomenetoftax": 193077000
    },
    {
        "date": "2017-12-30",
        "symbol": "TSLA",
        "period": "FY",
        "salesrevenuegoodsnet": 360300000,
        "operatingleasesincomestatementleaserevenue": 1106548000,
        "salesrevenueautomotive": 9641300000,
        "salesrevenueenergyservices": 1116266000,
        "salesrevenueservicesandothernet": 1001185000,
        "revenues": 2687169000,
        "costofgoodssold": 6724480000,
        "costofautomotiveleasing": 708224000,
        "costofrevenuesautomotive": 7432704000,
        "costofservicesenergyservices": 874538000,
        "costofservicesandother": 1229022000,
        "costofrevenue": 9536264000,
        "grossprofit": 241728000,
        "researchanddevelopmentexpense": 1378073000,
        "sellinggeneralandadministrativeexpense": 2476500000,
        "operatingexpenses": 3854573000,
        "operatingincomeloss": -1632086000,
        "investmentincomeinterest": 19686000,
        "interestexpense": 471259000,
        "othernonoperatingincomeexpense": -125373000,
        "incomelossfromcontinuingoperationsbeforeincometaxesextraordinaryitemsnoncontrollinginterest": -2209032000,
        "incometaxexpensebenefit": 31546000,
        "profitloss": -2240578000,
        "netincomelossattributabletononcontrollinginterest": -279178000,
        "netincomelossavailabletocommonstockholdersbasic": -1961400000,
        "earningspersharebasic": -11.83,
        "earningspersharediluted": -11.83,
        "weightedaveragenumberofsharesoutstandingbasic": 165758000,
        "weightedaveragenumberofdilutedsharesoutstanding": 165758000,
        "netincomeloss": -1961400000,
        "othercomprehensiveincomelossreclassificationadjustmentfromaocionderivativesnetoftax": 5570000,
        "othercomprehensiveincomelossderivativesqualifyingashedgesnetoftax": -5570000,
        "othercomprehensiveincomelossforeigncurrencytransactionandtranslationadjustmentnetoftax": 62658000,
        "othercomprehensiveincomelossnetoftaxportionattributabletoparent": 57088000,
        "comprehensiveincomenetoftax": -1904312000
    },
    {
        "date": "2016-12-30",
        "symbol": "TSLA",
        "period": "FY",
        "salesrevenuegoodsnet": 302300000,
        "operatingleasesincomestatementleaserevenue": 761759000,
        "salesrevenueautomotive": 6350766000,
        "salesrevenueenergyservices": 181394000,
        "salesrevenueservicesandothernet": 467972000,
        "revenues": 1398599000,
        "costofgoodssold": 4268087000,
        "costofautomotiveleasing": 481994000,
        "costofrevenuesautomotive": 4750081000,
        "costofservicesenergyservices": 178332000,
        "costofservicesandother": 472462000,
        "costofrevenue": 5400875000,
        "grossprofit": 3062000,
        "researchanddevelopmentexpense": 834408000,
        "sellinggeneralandadministrativeexpense": 1432189000,
        "operatingexpenses": 2266597000,
        "operatingincomeloss": -667340000,
        "investmentincomeinterest": 8530000,
        "interestexpense": 198810000,
        "othernonoperatingincomeexpense": 111272000,
        "incomelossfromcontinuingoperationsbeforeincometaxesextraordinaryitemsnoncontrollinginterest": -746348000,
        "incometaxexpensebenefit": 26698000,
        "profitloss": -55369000,
        "netincomelossattributabletononcontrollinginterest": -98132000,
        "netincomelossavailabletocommonstockholdersbasic": -674914000,
        "earningspersharebasicanddiluted": -4.68,
        "weightedaveragenumberofshareoutstandingbasicanddiluted": 144212000,
        "netincomeloss": -674914000,
        "othercomprehensiveincomechangeinunrealizedgainlossonderivativesandsecuritiesarisingduringperiodnetoftax": 43220000,
        "othercomprehensivegainlossreclassificationadjustmentonderivativesandsecuritiesnetoftax": 44904000,
        "othercomprehensiveincomeunrealizedgainlossonderivativesandsecuritiesarisingduringperiodnetoftax": -1684000,
        "othercomprehensiveincomelossforeigncurrencytransactionandtranslationadjustmentnetoftax": -18500000,
        "othercomprehensiveincomelossnetoftaxportionattributabletoparent": -20184000,
        "comprehensiveincomenetoftax": -695098000
    },
    {
        "date": "2015-12-30",
        "symbol": "TSLA",
        "period": "FY",
        "salesrevenuegoodsnet": 4500000,
        "salesrevenueservicesandothernet": 305052000,
        "revenues": 1413696000,
        "costofgoodssold": 2823302000,
        "costofservicesandother": 299220000,
        "costofrevenue": 3122522000,
        "grossprofit": 923503000,
        "researchanddevelopmentexpense": 717900000,
        "sellinggeneralandadministrativeexpense": 922232000,
        "operatingexpenses": 1640132000,
        "operatingincomeloss": -716629000,
        "investmentincomeinterest": 1508000,
        "interestexpense": 118851000,
        "othernonoperatingincomeexpense": -41652000,
        "incomelossfromcontinuingoperationsbeforeincometaxesextraordinaryitemsnoncontrollinginterest": -875624000,
        "incometaxexpensebenefit": 13039000,
        "netincomeloss": -888663000,
        "earningspersharebasicanddiluted": -6.93,
        "weightedaveragenumberofshareoutstandingbasicanddiluted": 128202000,
        "othercomprehensiveincomeunrealizedgainlossonderivativesarisingduringperiodnetoftax": 7465000,
        "othercomprehensiveincomelossforeigncurrencytransactionandtranslationadjustmentnetoftax": -10999000,
        "othercomprehensiveincomelossnetoftax": -3534000,
        "comprehensiveincomenetoftax": -892197000
    },
    {
        "date": "2014-12-30",
        "symbol": "TSLA",
        "period": "FY",
        "salesrevenuegoodsnet": 500000,
        "salesrevenueservicesnet": 5633000,
        "revenues": 837433000,
        "costofgoodssold": 2310011000,
        "costofservices": 6674000,
        "costofrevenue": 2316685000,
        "grossprofit": 881671000,
        "researchanddevelopmentexpense": 464700000,
        "sellinggeneralandadministrativeexpense": 603660000,
        "operatingexpenses": 1068360000,
        "operatingincomeloss": -186689000,
        "investmentincomeinterest": 1126000,
        "interestexpense": 100886000,
        "othernonoperatingincomeexpense": 1813000,
        "incomelossfromcontinuingoperationsbeforeincometaxesextraordinaryitemsnoncontrollinginterest": -284636000,
        "incometaxexpensebenefit": 9404000,
        "netincomeloss": -294040000,
        "earningspersharebasicanddiluted": -2.36,
        "weightedaveragenumberofshareoutstandingbasicanddiluted": 124539343,
        "marketablesecuritiesunrealizedgainloss": -22000,
        "othercomprehensiveincomelossnetoftax": -22000,
        "comprehensiveincomenetoftax": -294062000
    },
    {
        "date": "2013-12-30",
        "symbol": "TSLA",
        "period": "FY",
        "salesrevenuegoodsnet": 42900000,
        "salesrevenueservicesnet": 15600000,
        "revenues": 1545413000,
        "costofgoodssold": 1543878000,
        "costofservices": 13356000,
        "costofrevenue": 1557234000,
        "grossprofit": 456262000,
        "researchanddevelopmentexpense": 231976000,
        "sellinggeneralandadministrativeexpense": 285569000,
        "operatingexpenses": 517545000,
        "operatingincomeloss": -61283000,
        "investmentincomeinterest": 189000,
        "interestexpense": 32934000,
        "othernonoperatingincomeexpense": 22602000,
        "incomelossfromcontinuingoperationsbeforeincometaxesextraordinaryitemsnoncontrollinginterest": -71426000,
        "incometaxexpensebenefit": 2600000,
        "netincomeloss": -74014000,
        "incomelossfromcontinuingoperationsperbasicanddilutedshare": -0.62,
        "weightedaveragenumberofsharesoutstandingbasicanddilutedone": 119421414,
        "comprehensiveincomenetoftax": -74014000
    },
    {
        "date": "2012-12-30",
        "symbol": "TSLA",
        "period": "FY",
        "salesrevenuegoodsnet": 29100000,
        "salesrevenueservicesnet": 15900000,
        "revenues": 7613000,
        "costofgoodssold": 371658000,
        "costofservices": 11531000,
        "costofrevenue": 383189000,
        "grossprofit": 30067000,
        "researchanddevelopmentexpense": 273978000,
        "sellinggeneralandadministrativeexpense": 150372000,
        "operatingexpenses": 424350000,
        "operatingincomeloss": -394283000,
        "investmentincomeinterest": 288000,
        "interestexpense": 254000,
        "othernonoperatingincomeexpense": -1828000,
        "incomelossfromcontinuingoperationsbeforeincometaxesextraordinaryitemsnoncontrollinginterest": -396077000,
        "incometaxexpensebenefit": 100000,
        "netincomeloss": -396213000,
        "incomelossfromcontinuingoperationsperbasicanddilutedshare": -3.69,
        "weightedaveragenumberofsharesoutstandingbasicanddilutedone": 107349188,
        "othercomprehensiveincomelossreclassificationadjustmentforsaleofsecuritiesincludedinnetincomenetoftax": 3000,
        "othercomprehensiveincomelossnetoftax": 3000,
        "comprehensiveincomenetoftax": -396210000
    },
    {
        "date": "2011-12-30",
        "symbol": "TSLA",
        "period": "FY",
        "salesrevenuegoodsnet": 148568000,
        "salesrevenueservicesnet": 55674000,
        "revenues": 204242000,
        "costofgoodssold": 115482000,
        "costofservices": 27165000,
        "costofrevenue": 142647000,
        "grossprofit": 61595000,
        "researchanddevelopmentexpense": 208981000,
        "sellinggeneralandadministrativeexpense": 104102000,
        "operatingexpenses": 313083000,
        "operatingincomeloss": -251488000,
        "investmentincomeinterest": 255000,
        "interestexpense": 43000,
        "othernonoperatingincomeexpense": -2646000,
        "incomelossfromcontinuingoperationsbeforeincometaxesextraordinaryitemsnoncontrollinginterest": -253922000,
        "incometaxexpensebenefit": 489000,
        "netincomeloss": -254411000,
        "incomelossfromcontinuingoperationsperbasicanddilutedshare": -2.53,
        "weightedaveragenumberofsharesoutstandingbasicanddiluted1": 100388815
    }
]